@MISC{Motorola:EDGE,
	author = {{Motorola Mobility, Inc.}},
	title = {{EDGE\textsuperscript{\texttrademark}  Manager}},
	howpublished={\url{http://www.motorola.com/Video-Solutions/US-EN/Products-and-Services/Software/EDGE-Service-Assurance-Software-Suite/EDGE-Manager_US-EN}}
}
